@string{proc=""}

@string{ASIA=proc # "Annual Symposium Information Assurance (ASIA)"}
@string{AAMAS=proc # "International Conference on Autonomous Agents and Multiagent Systems (AAMAS)"}
@string{ACNS=proc # "Applied Cryptography and Network Security Conference (ACNS)"}
@string{ADCOG=proc # "Application and Development of Computer Games (ADCOG)"}
@string{ASPLOS=proc # "ACM International Conference on Architectural Support for Programming Languages and Operating Systems (ASPLOS)"}
@string{CAIDAWIDE=proc # "CAIDA-WIDE Workshop"}
@string{CCR= proc # "ACM SIGCOMM Computer Communication Review (CCR)"}
@string{CCS= proc # "ACM Conference on Computer and Communications Security (CCS)"}
@string{COMNET= proc # "Computer Networks"}
@string{CONEXT= proc # "ACM Conference on emerging Networking EXperiments and Technologies (CoNEXT)"}
@string{CRYPTO= proc # "International Cryptology Conference (CRYPTO)"}
@string{EC=proc # "ACM Conference on Electronic Conference (EC)"}
@string{ESORICS=proc # "European Symposium on Research in Computer Security (ESORICS)"}
@string{FAST=proc # "USENIX Conference on File and Storage Technologies (FAST)"}
@string{FDNA=proc # "Workshop on Future Directions in Network Architectures (FDNA)"}
@string{FOCI=proc # "USENIX Workshop on Free and Open Communications on the Internet (FOCI)"}
@string{GLOBECOM=proc # "IEEE Global Communications Conference (GLOBECOM)"}
@string{HOTNETS=proc # "Workshop on Hot Topics in Networks (HotNets)"}
@string{ICC=proc # "IEEE International Conference on Communications (ICC)"}
@string{ICDCS=proc # "International Conference on Distributed Computing Systems (ICDCS)"}
@string{ICEC=proc # "International Conference on Electronic Commerce (ICEC)"}
@string{ICNP=proc # "IEEE International Conference on Network Protocols (ICNP)"}
@string{ICPADS=proc # "International Conference on Parallel and Distributed Systems (ICPADS)"}
@string{ICPP=proc # "International Conference on Parallel Processing (ICPP)"}
@string{ICWN=proc # "International Conference on Wireless Networks (ICWN)"}
@string{IMC=proc # "ACM Internet Measurement Conference (IMC)"}
@string{IMW=proc # "ACM Internet Measurement Workshop (IMW)"}
@string{INFOCOM=proc # "IEEE Conference on Computer Communications (INFOCOM)"}
@string{IPTPS=proc # "Workshop on Peer-to-Peer Systems (IPTPS)"}
@string{ISDG=proc # "International Symposium on Dynamic Games (ISDG)"}
@string{MIDDLEWARE=proc # "ACM/IFIP/USENIX International Middleware Conference (MIDDLEWARE)"}
@string{MOBICOM=proc # "ACM Conference on Mobile Computing and Networking (MobiCom)"}
@string{MOBIHOC=proc # "ACM Symposium on Mobile Ad Hoc Networking and Computing (MobiHoc)"}
@string{MOBISYS=proc # "ACM Conference on Mobile Systems, Applications, and Services (MobiSys)"}
@string{NDSS=proc # "Network and Distributed System Security Symposium (NDSS)"}
@string{NETECON=proc # "Workshop on the Economics of Networked Systems (NetEcon)"}
@string{NETECON-IBC=proc # "Joint Workshop on the Economics of Networked Systems and Incentive-Based Computing (NetEcon+IBC)"}
@string{NOSSDAV=proc # "Workshop on Network and Operating Systems Support for Distributed Audio and Video (NOSSDAV)"}
@string{NSDI=proc # "Symposium on Networked Systems Design and Implementation (NSDI)"}
@string{OAKLAND=proc # "IEEE Symposium on Security and Privacy"}
@string{OSDI=proc # "Symposium on Operating Systems Design and Implementation (OSDI)"}
@string{P2PECON=proc # "Workshop on Economics of Peer-to-Peer Systems (P2PEcon)"}
@string{PAM=proc # "Passive and Active Network Measurement Workshop (PAM)"}
@string{PET=proc # "Workshop on Privacy Enhancing Technologies (PET)"}
@string{PETS=proc # "Privacy Enhancing Technologies Symposium (PETS)"}
@string{PINS=proc # "ACM Workshop on Practice and Theory of Incentives in Networked Systems (PINS)"}
@string{PODC=proc # "ACM Symposium on Principles of Distributed Computing (PODC)"}
@string{PROC-IEEE=proc # "of the IEEE"}
@string{RFC = "{IETF RFC-}"}
@string{SASO="IEEE International Conference on Self-Adaptive and Self-Organizing Systems (SASO)"}
% the sigcomm conference is not named this.  it often has a different name each time.  -ns
@string{SIGCOMM=proc # "ACM SIGCOMM"}
@string{SIGMETRICS=proc # "ACM International Conference on Measurement and Modeling of Computer Systems (SIGMETRICS)"}
@string{SODA=proc # "ACM-SIAM Symposium on Discrete Algorithms (SODA)"}
@string{SOSP=proc # "ACM Symposium on Operating Systems Principles (SOSP)"}
@string{SRUTI=proc # "USENIX Workshop on Steps to Reducing Unwanted Traffic on the Internet (SRUTI)"}
@string{STC="Workshop on Scalable Trusted Computing (STC)"}
@string{STOC=proc # "ACM Symposium on Theory of Computing (STOC)"}
@string{TOCS="ACM Transactions on Computer Systems"}
@string{TON="Networking, IEEE/ACM Transactions on"}
@string{UBICOMP=proc # "International Conference on Ubiquitous Computing (Ubicomp)"}
@string{USENIX=proc # "USENIX Annual Technical Conference"}
@string{USENIX-SECURITY="USENIX Security Symposium"}
% {First Working Conference on Wireless On-demand Network Systems (WONS)},
@string{WONS="WONS"}
@string{WOSN=proc # "ACM Workshop on Online Social Networks (WOSN)"}
% {ACM International Workshop of Wireless Mobile Multimedia},
@string{WOWMOM=proc # "IEEE International Symposium on a World of Wireless Mobile and Multimedia Networks (WoWMoM)"}
@string{WWW=proc # "International World Wide Web Conference (WWW)"}
